@article{kumar2017real,
  title={Real-time recognition of cattle using animal biometrics},
  author={Kumar, Santosh and Singh, Sanjay Kumar and Singh, Ravi Shankar and Singh, Amit Kumar and Tiwari, Shrikant},
  journal={Journal of Real-Time Image Processing},
  volume={13},
  number={3},
  pages={505--526},
  year={2017},
  publisher={Springer}
}
@article{sundararajan2018deep,
  title={Deep learning for biometrics: a survey},
  author={Sundararajan, Kalaivani and Woodard, Damon L},
  journal={ACM Computing Surveys (CSUR)},
  volume={51},
  number={3},
  pages={65},
  year={2018},
  publisher={ACM}
}
@article{jain2004introduction,
  title={An introduction to biometric recognition},
  author={Jain, Anil K and Ross, Arun and Prabhakar, Salil and others},
  journal={IEEE Transactions on circuits and systems for video technology},
  volume={14},
  number={1},
  year={2004}
}
@article{kumar2016visual,
  title={Visual animal biometrics: survey},
  author={Kumar, Santosh and Singh, Sanjay Kumar},
  journal={IET Biometrics},
  volume={6},
  number={3},
  pages={139--156},
  year={2016},
  publisher={IET}
}
@book{goodfellow2016deep,
  title={Deep learning},
  author={Goodfellow, Ian and Bengio, Yoshua and Courville, Aaron},
  year={2016},
  publisher={MIT press}
}
@inproceedings{schroff2015facenet,
  title={Facenet: A unified embedding for face recognition and clustering},
  author={Schroff, Florian and Kalenichenko, Dmitry and Philbin, James},
  booktitle={Proceedings of the IEEE conference on computer vision and pattern recognition},
  pages={815--823},
  year={2015}
}
@inproceedings{parkhi2015deep,
  title={Deep face recognition.},
  author={Parkhi, Omkar M and Vedaldi, Andrea and Zisserman, Andrew and others},
  booktitle={bmvc},
  volume={1},
  number={3},
  pages={6},
  year={2015}
}
@article{marnewick2008evaluating,
  title={Evaluating camera trapping as a method for estimating cheetah abundance in ranching areas},
  author={Marnewick, Kelly and Funston, Paul J and Karanth, K Ullas},
  journal={South African Journal of Wildlife Research-24-month delayed open access},
  volume={38},
  number={1},
  pages={59--65},
  year={2008},
  publisher={Southern African Wildlife Management Association (SAWMA)}
}


@online{refbib,
ALTauthor = {Thomson & Kamler},
title = {Tiny Text Elements},
date = {2013},
}

@article{Reference1,
	Abstract = {We have developed an enhanced Littrow configuration extended cavity diode laser (ECDL) that can be tuned without changing the direction of the output beam. The output of a conventional Littrow ECDL is reflected from a plane mirror fixed parallel to the tuning diffraction grating. Using a free-space Michelson wavemeter to measure the laser wavelength, we can tune the laser over a range greater than 10 nm without any alteration of alignment.},
	Author = {C. J. Hawthorn and K. P. Weber and R. E. Scholten},
	Journal = {Review of Scientific Instruments},
	Month = {12},
	Number = {12},
	Numpages = {3},
	Pages = {4477--4479},
	Title = {Littrow Configuration Tunable External Cavity Diode Laser with Fixed Direction Output Beam},
	Volume = {72},
	Url = {http://link.aip.org/link/?RSI/72/4477/1},
	Year = {2001}}

@article{Reference3,
	Abstract = {Operating a laser diode in an extended cavity which provides frequency-selective feedback is a very effective method of reducing the laser's linewidth and improving its tunability. We have developed an extremely simple laser of this type, built from inexpensive commercial components with only a few minor modifications. A 780~nm laser built to this design has an output power of 80~mW, a linewidth of 350~kHz, and it has been continuously locked to a Doppler-free rubidium transition for several days.},
	Author = {A. S. Arnold and J. S. Wilson and M. G. Boshier and J. Smith},
	Journal = {Review of Scientific Instruments},
	Month = {3},
	Number = {3},
	Numpages = {4},
	Pages = {1236--1239},
	Title = {A Simple Extended-Cavity Diode Laser},
	Volume = {69},
	Url = {http://link.aip.org/link/?RSI/69/1236/1},
	Year = {1998}}

@article{Reference2,
	Abstract = {We present a review of the use of diode lasers in atomic physics with an extensive list of references. We discuss the relevant characteristics of diode lasers and explain how to purchase and use them. We also review the various techniques that have been used to control and narrow the spectral outputs of diode lasers. Finally we present a number of examples illustrating the use of diode lasers in atomic physics experiments. Review of Scientific Instruments is copyrighted by The American Institute of Physics.},
	Author = {Carl E. Wieman and Leo Hollberg},
	Journal = {Review of Scientific Instruments},
	Keywords = {Diode Laser},
	Month = {1},
	Number = {1},
	Numpages = {20},
	Pages = {1--20},
	Title = {Using Diode Lasers for Atomic Physics},
	Volume = {62},
	Url = {http://link.aip.org/link/?RSI/62/1/1},
	Year = {1991}}
	
	@article{hoque2011zoometrics,
  title={ZOOMETRICS-biometric identification of wildlife using natural body marks},
  author={Hoque, Sanaul and Azhar, MAHB and Deravi, Farzin},
  journal={International Journal of Bio-Science and Bio-Technology},
  volume={3},
  number={3},
  pages={45--53},
  year={2011},
  publisher={Science and Engineering Research Support Society}
}
@inproceedings{burghardt2007individual,
  title={Individual animal identification using visual biometrics on deformable coat patterns},
  author={Burghardt, Tilo and Campbell, Neill},
  booktitle={5th International Conference on Computer Vision Systems (ICVS)},
  year={2007}
}
@article{sherley2010spotting,
  title={Spotting the difference: towards fully-automated population monitoring of African penguins Spheniscus demersus},
  author={Sherley, Richard B and Burghardt, Tilo and Barham, Peter J and Campbell, Neill and Cuthill, Innes C},
  journal={Endangered Species Research},
  volume={11},
  number={2},
  pages={101--111},
  year={2010}
}
@article{kuhl2013animal,
  title={Animal biometrics: quantifying and detecting phenotypic appearance},
  author={K{\"u}hl, Hjalmar S and Burghardt, Tilo},
  journal={Trends in ecology \& evolution},
  volume={28},
  number={7},
  pages={432--441},
  year={2013},
  publisher={Elsevier}
}
@article{marnewick2014countprob,
  title={Evaluating the status of and African wild dogs Lycaon pictus and cheetahs Acinonyx jubatus through tourist-based photographic surveys in the Kruger National Park},
  author={Marnewick, Kelly and Ferreira, Sam M and Grange, Sophie and Watermeyer, Jessica and Maputla, Nakedi and Davies-Mostert, Harriet T},
  journal={PloS one},
  volume={9},
  number={1},
  pages={e86265},
  year={2014},
  publisher={Public Library of Science}
}
@article{marnewick2018cheetaprob,
  title={Conservation of severely fragmented populations: lessons from the transformation of uncoordinated reintroductions of cheetahs (Acinonyx jubatus) into a managed metapopulation with self-sustained growth},
  author={Buk, Kenneth G and van der Merwe, Vincent C and Marnewick, Kelly and Funston, Paul J},
  journal={Biodiversity and conservation},
  volume={27},
  number={13},
  pages={3393--3423},
  year={2018},
  publisher={Springer}
}
@inproceedings{lion2019pro,
  title={6.8 Reintroduction, genetic management and genetic rescue of lion populations},
  author={Miller, Susan M and Ferreira, Sam and Kilian, Hanno and Parker, Dan and Courtenay, Brian and Hanekom, Catharin{\'e} and Borrego, Natalia},
  booktitle={1st Meeting of Range States for the Joint CMS--CITES African Carnivore Initiative (ACI1)},
  pages={111}
}
@book{jain2007handbook,
  title={Handbook of biometrics},
  author={Jain, Anil K and Flynn, Patrick and Ross, Arun A},
  year={2007},
  publisher={Springer Science \& Business Media}
}
@book{duda2012pattern,
  title={Pattern classification},
  author={Duda, Richard O and Hart, Peter E and Stork, David G},
  year={2012},
  publisher={John Wiley \& Sons}
}
@article{faris2019intelligent,
  title={An intelligent system for spam detection and identification of the most relevant features based on evolutionary random weight networks},
  author={Faris, Hossam and Alaâ€™M, Al-Zoubi and Heidari, Ali Asghar and Aljarah, Ibrahim and Mafarja, Majdi and Hassonah, Mohammad A and Fujita, Hamido},
  journal={Information Fusion},
  volume={48},
  pages={67--83},
  year={2019},
  publisher={Elsevier}
}
@article{khan2019novel,
  title={A Novel Deep Learning based Framework for the Detection and Classification of Breast Cancer Using Transfer Learning},
  author={Khan, SanaUllah and Islam, Naveed and Jan, Zahoor and Din, Ikram Ud and Rodrigues, Joel JP C},
  journal={Pattern Recognition Letters},
  year={2019},
  publisher={Elsevier}
}
@inproceedings{turk1991face,
  title={Face recognition using eigenfaces},
  author={Turk, Matthew A and Pentland, Alex P},
  booktitle={Proceedings. 1991 IEEE Computer Society Conference on Computer Vision and Pattern Recognition},
  pages={586--591},
  year={1991},
  organization={IEEE}
}
@article{norouzzadeh2018automatically,
  title={Automatically identifying, counting, and describing wild animals in camera-trap images with deep learning},
  author={Norouzzadeh, Mohammad Sadegh and Nguyen, Anh and Kosmala, Margaret and Swanson, Alexandra and Palmer, Meredith S and Packer, Craig and Clune, Jeff},
  journal={Proceedings of the National Academy of Sciences},
  volume={115},
  number={25},
  pages={E5716--E5725},
  year={2018},
  publisher={National Acad Sciences}
}
@inproceedings{parham2018animal,
  title={An Animal Detection Pipeline for Identification},
  author={Parham, Jason and Stewart, Charles and Crall, Jonathan and Rubenstein, Daniel and Holmberg, Jason and Berger-Wolf, Tanya},
  booktitle={2018 IEEE Winter Conference on Applications of Computer Vision (WACV)},
  pages={1075--1083},
  year={2018},
  organization={IEEE}
}
@article{weinstein2018computerread,
  title={A computer vision for animal ecology},
  author={Weinstein, Ben G},
  journal={Journal of Animal Ecology},
  volume={87},
  number={3},
  pages={533--545},
  year={2018},
  publisher={Wiley Online Library}
}
@article{peffers2007design,
  title={A design science research methodology for information systems research},
  author={Peffers, Ken and Tuunanen, Tuure and Rothenberger, Marcus A and Chatterjee, Samir},
  journal={Journal of management information systems},
  volume={24},
  number={3},
  pages={45--77},
  year={2007},
  publisher={Taylor \& Francis}
}
@article{march1995design,
  title={Design and natural science research on information technology},
  author={March, Salvatore T and Smith, Gerald F},
  journal={Decision support systems},
  volume={15},
  number={4},
  pages={251--266},
  year={1995},
  publisher={Elsevier}
}
@article{gregor2006nature,
  title={The nature of theory in information systems},
  author={Gregor, Shirley},
  journal={MIS quarterly},
  pages={611--642},
  year={2006},
  publisher={JSTOR}
}
@article{wagenmakers2012agenda,
  title={An agenda for purely confirmatory research},
  author={Wagenmakers, Eric-Jan and Wetzels, Ruud and Borsboom, Denny and van der Maas, Han LJ and Kievit, Rogier A},
  journal={Perspectives on Psychological Science},
  volume={7},
  number={6},
  pages={632--638},
  year={2012},
  publisher={Sage Publications Sage CA: Los Angeles, CA}
}
@book{lipsey1990design,
  title={Design sensitivity: Statistical power for experimental research},
  author={Lipsey, Mark W},
  volume={19},
  year={1990},
  publisher={Sage}
}
@article{jaeger1998confirmatory,
  title={On confirmatory versus exploratory research},
  author={Jaeger, Robert G and Halliday, Tim R},
  journal={Herpetologica},
  pages={S64--S66},
  year={1998},
  publisher={JSTOR}
}
@article{hughes2017automated,
  title={Automated visual fin identification of individual great white sharks},
  author={Hughes, Benjamin and Burghardt, Tilo},
  journal={International Journal of Computer Vision},
  volume={122},
  number={3},
  pages={542--557},
  year={2017},
  publisher={Springer}
}
@article{loos2013automated,
  title={An automated chimpanzee identification system using face detection and recognition},
  author={Loos, Alexander and Ernst, Andreas},
  journal={EURASIP Journal on Image and Video Processing},
  volume={2013},
  number={1},
  pages={49},
  year={2013},
  publisher={SpringerOpen}
}
@book{goodwin2016research,
  title={Research in psychology methods and design},
  author={Goodwin, C James and Goodwin, Kerri A},
  year={2016},
  publisher={John Wiley \& Sons}
}
@inproceedings{kohavi1995study,
  title={A study of cross-validation and bootstrap for accuracy estimation and model selection},
  author={Kohavi, Ron and others},
  booktitle={Ijcai},
  volume={14},
  number={2},
  pages={1137--1145},
  year={1995},
  organization={Montreal, Canada}
}
@book{witten2016data,
  title={Data Mining: Practical machine learning tools and techniques},
  author={Witten, Ian H and Frank, Eibe and Hall, Mark A and Pal, Christopher J},
  year={2016},
  publisher={Morgan Kaufmann}
}
@article{weinstein2018computer,
  title={A computer vision for animal ecology},
  author={Weinstein, Ben G},
  journal={Journal of Animal Ecology},
  volume={87},
  number={3},
  pages={533--545},
  year={2018},
  publisher={Wiley Online Library}
}
@inproceedings{verma2018wild,
  title={Wild animal detection using deep convolutional neural network},
  author={Verma, Gyanendra K and Gupta, Pragya},
  booktitle={Proceedings of 2nd international conference on computer vision \& image processing},
  pages={327--338},
  year={2018},
  organization={Springer}
}
@inproceedings{schneider2018deep,
  title={Deep learning object detection methods for ecological camera trap data},
  author={Schneider, Stefan and Taylor, Graham W and Kremer, Stefan},
  booktitle={2018 15th Conference on Computer and Robot Vision (CRV)},
  pages={321--328},
  year={2018},
  organization={IEEE}
}
@article{schneider2019similarity,
  title={Similarity Learning Networks for Animal Individual Re-Identification-Beyond the Capabilities of a Human Observer},
  author={Schneider, Stefan and Taylor, Graham W and Linquist, Stefan and Kremer, Stefan C},
  journal={arXiv preprint arXiv:1902.09324},
  year={2019}
}
@inproceedings{deb2019face,
  title={Face recognition: Primates in the wild},
  author={Deb, Debayan and Wiper, Susan and Gong, Sixue and Shi, Yichun and Tymoszek, Cori and Fletcher, Alison and Jain, Anil K},
  booktitle={2018 IEEE 9th International Conference on Biometrics Theory, Applications and Systems (BTAS)},
  pages={1--10},
  year={2019},
  organization={IEEE}
}
@inproceedings{brust2017towards,
  title={Towards automated visual monitoring of individual gorillas in the wild},
  author={Brust, Clemens-Alexander and Burghardt, Tilo and Groenenberg, Milou and Kading, Christoph and Kuhl, Hjalmar S and Manguette, Marie L and Denzler, Joachim},
  booktitle={Proceedings of the IEEE International Conference on Computer Vision},
  pages={2820--2830},
  year={2017}
}
@article{frank2011living,
  title={Living with lions: lessons from Laikipia},
  author={Frank, Laurence},
  journal={Smithsonian Contributions to Zoology},
  year={2011}
}
@article{frank1998living,
  title={Living with lions: carnivore conservation and livestock in Laikipia District, Kenya.},
  author={Frank, Laurence G and others},
  journal={Living with lions: carnivore conservation and livestock in Laikipia district, Kenya.},
  year={1998},
  publisher={DAI}
}
@article{hazzah2009lions,
  title={Lions and warriors: social factors underlying declining African lion populations and the effect of incentive-based management in Kenya},
  author={Hazzah, Leela and Mulder, Monique Borgerhoff and Frank, Laurence},
  journal={Biological Conservation},
  volume={142},
  number={11},
  pages={2428--2437},
  year={2009},
  publisher={Elsevier}
}
@article{sokolova2009systematic,
  title={A systematic analysis of performance measures for classification tasks},
  author={Sokolova, Marina and Lapalme, Guy},
  journal={Information Processing \& Management},
  volume={45},
  number={4},
  pages={427--437},
  year={2009},
  publisher={Elsevier}
}
@article{elkan2012evaluating,
  title={Evaluating classifiers},
  author={Elkan, Charles},
  journal={San Diego: University of California},
  year={2012},
  publisher={Citeseer}
}
@article{powers2011evaluation,
  title={Evaluation: from precision, recall and F-measure to ROC, informedness, markedness and correlation},
  author={Powers, David Martin},
  year={2011},
  publisher={Bioinfo Publications}
}
@book{baeza1999modern,
  title={Modern information retrieval},
  author={Baeza-Yates, Ricardo and Ribeiro-Neto, Berthier and others},
  volume={463},
  year={1999},
  publisher={ACM press New York}
}
@article{muller2001performance,
  title={Performance evaluation in content-based image retrieval: overview and proposals},
  author={M{\"u}ller, Henning and M{\"u}ller, Wolfgang and Squire, David McG and Marchand-Maillet, St{\'e}phane and Pun, Thierry},
  journal={Pattern recognition letters},
  volume={22},
  number={5},
  pages={593--601},
  year={2001},
  publisher={Elsevier}
}
@inproceedings{Collobert2016TorchnetAO,
  title={Torchnet: An Open-Source Platform for (Deep) Learning Research},
  author={Ronan Collobert and Laurens van der Maaten and Armand Joulin},
  year={2016}
}
@article{everingham2015pascal,
  title={The pascal visual object classes challenge: A retrospective},
  author={Everingham, Mark and Eslami, SM Ali and Van Gool, Luc and Williams, Christopher KI and Winn, John and Zisserman, Andrew},
  journal={International journal of computer vision},
  volume={111},
  number={1},
  pages={98--136},
  year={2015},
  publisher={Springer}
}
@book{maltoni2009handbook,
  title={Handbook of fingerprint recognition},
  author={Maltoni, Davide and Maio, Dario and Jain, Anil K and Prabhakar, Salil},
  year={2009},
  publisher={Springer Science \& Business Media}
}
@inproceedings{huang2008labeled,
  title={Labeled faces in the wild: A database forstudying face recognition in unconstrained environments},
  author={Huang, Gary B and Mattar, Marwan and Berg, Tamara and Learned-Miller, Eric},
  booktitle={Workshop on faces in'Real-Life'Images: detection, alignment, and recognition},
  year={2008}
}
@article{esteva2017dermatologist,
  title={Dermatologist-level classification of skin cancer with deep neural networks},
  author={Esteva, Andre and Kuprel, Brett and Novoa, Roberto A and Ko, Justin and Swetter, Susan M and Blau, Helen M and Thrun, Sebastian},
  journal={Nature},
  volume={542},
  number={7639},
  pages={115},
  year={2017},
  publisher={Nature Publishing Group}
}
@inproceedings{wang2009hog,
  title={An HOG-LBP human detector with partial occlusion handling},
  author={Wang, Xiaoyu and Han, Tony X and Yan, Shuicheng},
  booktitle={2009 IEEE 12th international conference on computer vision},
  pages={32--39},
  year={2009},
  organization={IEEE}
}
@inproceedings{suleiman2017towards,
  title={Towards closing the energy gap between HOG and CNN features for embedded vision},
  author={Suleiman, Amr and Chen, Yu-Hsin and Emer, Joel and Sze, Vivienne},
  booktitle={2017 IEEE International Symposium on Circuits and Systems (ISCAS)},
  pages={1--4},
  year={2017},
  organization={IEEE}
}
@article{le2007direct,
  title={Direct optimization of ranking measures},
  author={Le, Quoc and Smola, Alexander},
  journal={arXiv preprint arXiv:0704.3359},
  year={2007}
}
@book{liu2011learning,
  title={Learning to rank for information retrieval},
  author={Liu, Tie-Yan},
  year={2011},
  publisher={Springer Science \& Business Media}
}